@article{Iserles1999,
	author="A. Iserles and A. Marthinsen and S. P. N{\o}rsett",
	title="On the Implementation of the Method of Magnus Series for Linear Differential Equations",
	journal="BIT Numerical Mathematics",
	year="1999",
	volume="39",
	number="2",
	pages="281--304",
	issn="1572-9125",
	doi="10.1023/A:1022393913721",
	url="http://dx.doi.org/10.1023/A:1022393913721"
}

@article{Magnus1954,
	author = {Wilhelm Magnus},
	title = {On the exponential solution of differential equations for a linear operator},
	journal = {Communications on Pure and Applied Mathematics},
	volume = {7},
	number = {4},
	publisher = {Wiley Subscription Services, Inc., A Wiley Company},
	issn = {1097-0312},
	url = {http://dx.doi.org/10.1002/cpa.3160070404},
	doi = {10.1002/cpa.3160070404},
	pages = {649--673},
	year = {1954}
}

@article{Blanes2006,
	title = "Fourth- and sixth-order commutator-free Magnus integrators for linear and non-linear dynamical systems ",
	journal = "Applied Numerical Mathematics ",
	volume = "56",
	number = "12",
	pages = "1519 - 1537",
	year = "2006",
	note = "",
	issn = "0168-9274",
	doi = "http://dx.doi.org/10.1016/j.apnum.2005.11.004",
	url = "//www.sciencedirect.com/science/article/pii/S0168927405002163",
	author = "S. Blanes and P.C. Moan",
	keywords = "Time-dependent differential equations",
	keywords = "Initial value problems",
	keywords = "Numerical methods",
	keywords = "Magnus expansion "
}

@Article{Blanes2000,
	author="S. Blanes and F. Casas and J. Ros",
	title="Improved High Order Integrators Based on the Magnus Expansion",
	journal="BIT Numerical Mathematics",
	year="2000",
	volume="40",
	number="3",
	pages="434--450",
	issn="1572-9125",
	doi="10.1023/A:1022311628317",
	url="http://dx.doi.org/10.1023/A:1022311628317"
}

@article{Blanes1999,
	author = {S. Blanes and F. Casas and J. Ros},
	title = {Symplectic Integration with Processing: A General Study},
	journal = {SIAM Journal on Scientific Computing},
	volume = {21},
	number = {2},
	pages = {711-727},
	year = {1999},
	doi = {10.1137/S1064827598332497},
	URL = { http://dx.doi.org/10.1137/S1064827598332497 },
	eprint = { http://dx.doi.org/10.1137/S1064827598332497 }
}

@Article{McLachlan1995,
	author="Robert I. McLachlan",
	title="Composition methods in the presence of small parameters",
	journal="BIT Numerical Mathematics",
	year="1995",
	volume="35",
	number="2",
	pages="258--268",
	issn="1572-9125",
	doi="10.1007/BF01737165",
	url="http://dx.doi.org/10.1007/BF01737165"
}


@book{Gamma1995,
	author = {Erich Gamma and Richard Helm and Ralph Johnson and John Vlissides},
	title = {Design Patterns: Elements of Reusable Object-oriented Software},
	year = {1995},
	isbn = {0-201-63361-2},
	publisher = {Addison-Wesley Longman Publishing Co., Inc.},
	address = {Boston, MA, USA},
} 

@Article{LWB_wavepackets,
	author="Lionel Miserez",
	title="Porting WaveBlocksND Matrix Potential Functionality to C++",
	journal="Libwaveblocks",
	year="2015",
	url="https://github.com/raoulbq/TeX"
}


@Article{LWB_innerproducts,
	author="Benedek Vartok",
	title="Implementation of WaveBlocksNDâ€™s Quadrature and Inner Products in C++",
	journal="Libwaveblocks",
	year="2015",
	url="https://github.com/raoulbq/TeX"
}


@book{GeoNumInt,
	author = {Ernst Hairer and Christian Lubich and Gerhard Wanner},
	title = {Geometric Numerical Integration},
	year = {2002},
	isbn = {3-540-30663-3},
	publisher = {Springer},
	address = {Berlin, Germany},
} 

